@Book{Aho:1986,
  author        = "A. V. Aho and R. Sethi and J. D. Ullman",
  title         = "Compilers principles, techniques, and tools",
  publisher     = "Addison-Wesley",
  address       = "Reading, MA",
  year          = "1986",
}

@Book{Tanenbaum:1992,
  author        = "Andrew S. Tanenbaum",
  title         = "Modern operating systems",
  publisher     = "Prentice Hall",
  year          = "1992",
  address       = "Englewood Cliffs, N.J.",
}

@book{Tanenbaum:2005,
 author         = {Tanenbaum, Andrew S.},
 title          = {Structured Computer Organization},
 year           = {2005},
 edition        = 5,
 isbn           = {0131485210},
 publisher      = {Prentice-Hall, Inc.},
 address        = {Upper Saddle River, NJ, USA},
}

@Book{Silveira:2012,
 author         = {Silveira, Paulo},
 title          = {Introdução à arquitetura e design de software: Uma visão sobre a plataforma JAVA},
 publisher      = {Elsevier},
 year           = {2012},
 address        = {Rio de Janeiro, Brasil},
 isbn           = {9788535250299},
 pages          = {35-37},
}

% Referências

@Book{Sommerville,
  author = 	 {Ian Sommervile},
  title = 	 {Engenharia de Software},
  publisher = 	 {Pearson},
  year = 	 {2011},
  address  = {São Paulo, Brasil},
  volume = 	 {9},
}

@Book{CraigLarman,
  author = 	 {Craig Larman},
  title = 	 {Utilizando UML e padrões: Uma introdução à análise e ao projeto orientado a objetos e ao desenvolvimento iterativo},
  publisher = 	 {Bookman},
  year = 	 {2007},
  address  = {Porto Alegre, Brasil},
  isbn = {9788577800476},
  pages = 	 {89},
}

% Referência web

@Misc{SebraeCallCenter,
  author       = {Formiga, Fabio de Oliveira Nobre},
  title        = {Como montar um call-center},
  date         = {2018-04-02},
  organization = {SEBRAE},
  subtitle     = {Ideias de negócio},
  url          = {http://www.sebrae.com.br/sites/PortalSebrae/ideias/como-montar-um-call-center,e5f87a51b9105410VgnVCM1000003b74010aRCRD},
  urldate      = {2018-04-02},
  year = {2018},
}


@Misc{CallCenterInf,
    author =     {Marildo Matta},
    title =      {Conquiste seu cliente com uso do chatbot},    
    date = {2018-02-05},
    organization = {callcenter.inf.br},
    url = {http://callcenter.inf.br/artigos/66060/conquiste-seu-cliente-com-uso-do-chatbot/ler.aspx},
    urldate = {2018-04-08},
    note = {Acessado em Abril de 2018.},
    year = {2018},
}

@Misc{EVGnumeros,
    author =     {EV.G},
    title =      {EV.G em números},    
    date = {2018-02-05},
    organization = {EV.G},
    url = {https://emnumeros.escolavirtual.gov.br/indicadores/},
    urldate = {2018-04-08},
    note = {Acessado em Abril de 2018.},
    year = {2018},
}

@Misc{SimplyChat,
    author =     {CAROLINE GOMES},
    title =      {Chatbot: entenda tudo sobre o assunto},    
    date = {2017-02-20},
    organization = {EV.G},
    url = {http://blog.simply.com.br/chatbot/},
    urldate = {2018-04-09},
    note = {Acessado em Abril de 2018.},
    year = {2017},
}

@Misc{GamaMedeiros,
    author =     {LUIZ FERNANDO GAMA DE MEDEIROS},
    title =      {O que é um Chatbot?},    
    date = {2017-07-19},
    organization = {GAMA MEDEIROS ADVOGADOS},
    url = {http://gamademedeiros.com.br/o-que-e-um-chatbot/},
    urldate = {2018-04-09},
    note = {Acessado em Abril de 2018.},
    year = {2017},
}

@Misc{PLN1,
    author =     {JÉSSIA RODRIGUES},
    title =      {O que é o Processamento de Linguagem Natural?},    
    date = {2017-07-14},
    organization = {MEDIUM},
    url = {https://medium.com/botsbrasil/o-que-%C3%A9-o-processamento-de-linguagem-natural-49ece9371cff
},
    urldate = {2018-04-09},
    note = {Acessado em Abril de 2018.},
    year = {2017},
}


@Misc{Falaki,
    author =     {SINA FALAKI},
    title =      {Chatbot AI: The Secret to Creating an Intelligent Bot},
    date = {2017-07-19},
    organization = {MEDIUM},
    url = {https://medium.com/chatbotglobalnews/chatbot-ai-the-secret-to-creating-an-intelligent-bot-a4e08b0d0579},
    urldate = {2018-04-09},
    note = {Acessado em Abril de 2018.},
    year = {2017},
}

@Misc{Juliano,
    author =     {Juliano Statdlober},
    title =      {Você conhece os tipos de chatbots?},
    date = {2017-08-07},
    organization = {MEDIUM},
    url = {https://faledireto.com.br/voc%C3%AA-conhece-os-tipos-de-chatbots-69c5f5087ad0},
    urldate = {2018-04-10},
    note = {Acessado em Abril de 2018.},
    year = {2017},
}


@Misc{Samer,
    author =     {Samer Tarazi},
    title =      {Exploring the different types of chat bots},
    date = {2017-08-31},
    organization = {Eila},
    url = {https://www.eila.io/single-post/2017/08/31/Exploring-the-different-types-of-chat-bots},
    urldate = {2018-04-10},
    note = {Acessado em Abril de 2018.},
    year = {2017},
}


@Misc{DDS,
    author =     {Felipe Rampinelli},
    title =      {Assistente Virtual Inteligente: você sabe o que é?},
    date = {2017-07-06},
    organization = {DDS},
    url = {https://www.dds.com.br/blog/index.php/assistente-virtual-inteligente-voce-sabe-o-que-e/},
    urldate = {2018-04-12},
    note = {Acessado em Abril de 2018.},
    year = {2017},
}


@Misc{IMaster,
    author =     {Michael Yuan},
    title =      {Um guia para desenvolvedores de chatbots},
    date = {2016-08-18},
    organization = {IMasters},
    url = {https://imasters.com.br/desenvolvimento/um-guia-para-desenvolvedores-de-chatbots/?trace=1519021197&source=single},
    urldate = {2018-04-16},
    note = {Acessado em Abril de 2018.},
    year = {2016},
}

@Misc{SASML,
    author =     {SAS},
    title =      {Machine Learning - O que é e qual sua importância?},
    date = {2018-04-16},
    organization = {SAS Institute},
    url = {https://www.sas.com/pt_br/insights/analytics/machine-learning.htm},
    urldate = {2018-04-16},
    note = {Acessado em Abril de 2018.},
    year = {2016},
}

@Misc{MLSimple,
    author =     {Data Science Brigade},
    title =      {A Diferença Entre Inteligência Artificial, Machine Learning e Deep Learning},
    organization = {Medium},
    url = {https://medium.com/data-science-brigade/a-diferenC3A7a-entre-inteligC3AAncia-artificial-machine-learning-e-deep-learning-930b5cc2aa42},
    year = {2016},
    urldate = {2018-04-16},
}

@Misc{Anatomy,
    author =     {Luiz Carlos Faria},
    title =      {A anatomia de um chatbot},
    date = {2017-10-01},
    organization = {gaGO.io},
    url = {https://gago.io/blog/anatomia-de-um-chatbot/},
    urldate = {2018-04-16},
    note = {Acessado em Abril de 2018.},
    year = {2017},
}

@Misc{Mooc,
    author =     {Wikipedia},
    title =      {MOOC},
    date = {2018-05-19},
    organization = {Wikipedia},
    url = {https://pt.wikipedia.org/wiki/MOOC},
    urldate = {2018-04-16},
    note = {Acessado em Junho de 2018.},
    year = {2018},
}

@Misc{ReqJair,
    author =     {Jair Leite},
    title =      {Análise e Especificação de Requisitos},
    date = {2001-04-01},
    organization = {DIMAP},
    url = {https://www.dimap.ufrn.br/~jair/ES/c4.html},
    urldate = {2018-04-22},
    note = {Acessado em Abril de 2018.},
    year = {2001},
}

@Misc{ReqJair2,
    author =     {Jair Leite},
    title =      {Exemplos de Casos de Uso},
    date = {2001-04-01},
    organization = {DIMAP},
    url = {https://www.dimap.ufrn.br/~jair/ES/exemplos/casosdeuso.html},
    urldate = {2018-04-28},
    note = {Acessado em Abril de 2018.},
    year = {2001},
}

